@online{microsoft_cpp,
  author = {{Microsoft}},
  title = {Learn C++ - Microsoft Docs},
  url = {https://learn.microsoft.com/ru-ru/cpp/?view=msvc-170},
  urldate = {2024-03-01},
}


@online{Основы_математического_моделирования,
    title = {ОСНОВЫ МАТЕМАТИЧЕСКОГО МОДЕЛИРОВАНИЯ},
    author = {С. В. Звонарёв},
    url = {https://elar.urfu.ru/bitstream/10995/68494/1/978-5-7996-2576-4_2019.pdf},
    urldate = {2024-03-01}, 
}

@online{latex_project_org,
    title = {LaTeX Documentation},
    url = {https://www.latex-project.org/help/documentation/},
    urldate = {2024-03-01},
}
